@article{berners2001semantic,
  title={The semantic web},
  author={Berners-Lee, Tim and Hendler, James and Lassila, Ora and others},
  journal={Scientific american},
  volume={284},
  number={5},
  pages={28--37},
  year={2001},
  publisher={New York, NY, USA:}
}

@book{auer2007dbpedia,
  title={Dbpedia: A nucleus for a web of open data},
  author={Auer, S{\"o}ren and Bizer, Christian and Kobilarov, Georgi and Lehmann, Jens and Cyganiak, Richard and Ives, Zachary},
  year={2007},
  publisher={Springer}
}

@online{Wiki,
  title = {Wikipedia},
  url = {https://www.wikipedia.org/},
  note = {Accessed: 2014-10-18},
}
